%YAML 1.1
%TAG !u! tag:unity3d.com,2011:
--- !u!1 &2602717753123338112
GameObject:
  m_ObjectHideFlags: 0
  m_CorrespondingSourceObject: {fileID: 0}
  m_PrefabInstance: {fileID: 0}
  m_PrefabAsset: {fileID: 0}
  serializedVersion: 6
  m_Component:
  - component: {fileID: 5930006074307720521}
  - component: {fileID: 338960021555556588}
  - component: {fileID: 109021316935107857}
  - component: {fileID: 3697796272064877074}
  - component: {fileID: 5293126150786908952}
  - component: {fileID: 1914446041732579429}
  - component: {fileID: 1408595573532581842}
  m_Layer: 10
  m_Name: '[NENEMY] Gargoyle 2'
  m_TagString: Untagged
  m_Icon: {fileID: 0}
  m_NavMeshLayer: 0
  m_StaticEditorFlags: 0
  m_IsActive: 1
--- !u!4 &5930006074307720521
Transform:
  m_ObjectHideFlags: 0
  m_CorrespondingSourceObject: {fileID: 0}
  m_PrefabInstance: {fileID: 0}
  m_PrefabAsset: {fileID: 0}
  m_GameObject: {fileID: 2602717753123338112}
  m_LocalRotation: {x: 0, y: 0, z: 0, w: 1}
  m_LocalPosition: {x: 15.871273, y: 4.894395, z: 2.1484375}
  m_LocalScale: {x: 1, y: 1, z: 1}
  m_ConstrainProportionsScale: 0
  m_Children:
  - {fileID: 4176030016128043155}
  m_Father: {fileID: 0}
  m_RootOrder: 0
  m_LocalEulerAnglesHint: {x: 0, y: 0, z: 0}
--- !u!114 &338960021555556588
MonoBehaviour:
  m_ObjectHideFlags: 0
  m_CorrespondingSourceObject: {fileID: 0}
  m_PrefabInstance: {fileID: 0}
  m_PrefabAsset: {fileID: 0}
  m_GameObject: {fileID: 2602717753123338112}
  m_Enabled: 1
  m_EditorHideFlags: 0
  m_Script: {fileID: 11500000, guid: 512ba55bd4b370b49a90becb5eb94b10, type: 3}
  m_Name: 
  m_EditorClassIdentifier: 
  use: 1
  manualControl: 0
  delayOnStart: 0
  soundWhenMoveNextTarget: {fileID: 0}
  playSoundWhenPlayerInRange: 8
  localWaypoints:
  - {x: 0, y: 0, z: 0}
  - {x: 0, y: -4, z: 0}
  speed: 1.25
  cyclic: 0
  loop: 1
  waitTime: 0.5
  easeAmount: 1.5
--- !u!61 &109021316935107857
BoxCollider2D:
  m_ObjectHideFlags: 0
  m_CorrespondingSourceObject: {fileID: 0}
  m_PrefabInstance: {fileID: 0}
  m_PrefabAsset: {fileID: 0}
  m_GameObject: {fileID: 2602717753123338112}
  m_Enabled: 1
  m_Density: 1
  m_Material: {fileID: 0}
  m_IsTrigger: 1
  m_UsedByEffector: 0
  m_UsedByComposite: 0
  m_Offset: {x: -0.086883545, y: -0.22529978}
  m_SpriteTilingProperty:
    border: {x: 0, y: 0, z: 0, w: 0}
    pivot: {x: 0, y: 0}
    oldSize: {x: 0, y: 0}
    newSize: {x: 0, y: 0}
    adaptiveTilingThreshold: 0
    drawMode: 0
    adaptiveTiling: 0
  m_AutoTiling: 0
  serializedVersion: 2
  m_Size: {x: 0.73677063, y: 0.73998487}
  m_EdgeRadius: 0
--- !u!114 &3697796272064877074
MonoBehaviour:
  m_ObjectHideFlags: 0
  m_CorrespondingSourceObject: {fileID: 0}
  m_PrefabInstance: {fileID: 0}
  m_PrefabAsset: {fileID: 0}
  m_GameObject: {fileID: 2602717753123338112}
  m_Enabled: 1
  m_EditorHideFlags: 0
  m_Script: {fileID: 11500000, guid: 7ce9489c9799aa24f898217126b045b4, type: 3}
  m_Name: 
  m_EditorClassIdentifier: 
  collisionMask:
    serializedVersion: 2
    m_Bits: 0
  collisionMaskHorizontal:
    serializedVersion: 2
    m_Bits: 0
  useSperateHorizontal: 0
  collisionMasHorizontal:
    serializedVersion: 2
    m_Bits: 0
  horizontalCollide: 1
  horizontalRayCount: 4
  verticalRayCount: 4
  horizontalRaySpacing: 0
  verticalRaySpacing: 0
  boxcollider: {fileID: 0}
  canJumpUp: 1
  canJumpDown: 1
  forceCollideWithThroughPlatform: 0
  inverseGravity: 0
  playerInput: {x: 0, y: 0}
  HandlePhysic: 1
--- !u!114 &5293126150786908952
MonoBehaviour:
  m_ObjectHideFlags: 0
  m_CorrespondingSourceObject: {fileID: 0}
  m_PrefabInstance: {fileID: 0}
  m_PrefabAsset: {fileID: 0}
  m_GameObject: {fileID: 2602717753123338112}
  m_Enabled: 1
  m_EditorHideFlags: 0
  m_Script: {fileID: 11500000, guid: 5952dbdebf1dc4f30b996bfedd9d4df7, type: 3}
  m_Name: 
  m_EditorClassIdentifier: 
  isAllowChasingPlayer: 0
  canBeFallDown: 0
  chaseSpeed: 0
  offsetPlayerY: 0.5
  finishDistance: 0.5
  dismissPlayerDistance: 15
  gravity: 0
  moveSpeed: 0
  waitingTurn: 0.5
  sockingTime: 0.5
  BonusItem: {fileID: 0}
  HurtEffect: {fileID: 0}
  DestroyEffect: {fileID: 0}
  destroyTime: 1.5
  playerLayer:
    serializedVersion: 2
    m_Bits: 0
  usePatrol: 0
  patrolLimitLeft: 2
  patrolLimitRight: 3
  health: 1
  soundMeleeAttack: {fileID: 0}
  soundRangAttack: {fileID: 0}
  hurtSound: {fileID: 0}
  hurtSoundVolume: 0.5
  deadSound: {fileID: 0}
  deadSoundVolume: 0.5
  attackType: 0
  fireRate: 2
  detectDistance: 3
  meleePoint: {fileID: 0}
  meleeAttackZone: 0.7
  meleeAttackCheckPlayer: 0.1
  meleeDamage: 20
  rangePoint: {fileID: 0}
  rangeprojectile: {fileID: 0}
  fireDelay: 0.1
  allowThrowGrenade: 0
  angleThrow: 60
  throwForce: 300
  throwPosition: {fileID: 0}
  _Grenade: {fileID: 0}
  velocity: {x: 0, y: 0, z: 0}
  controller: {fileID: 0}
  ignorePlayerThroughEnemy: 0
  makeDamage: 1
  rateDamage: 0.2
  pushPlayer: {x: 15, y: 10}
  canBeKillOnHead: 1
  dealDamageToPlayer: 1
--- !u!95 &1914446041732579429
Animator:
  serializedVersion: 5
  m_ObjectHideFlags: 0
  m_CorrespondingSourceObject: {fileID: 0}
  m_PrefabInstance: {fileID: 0}
  m_PrefabAsset: {fileID: 0}
  m_GameObject: {fileID: 2602717753123338112}
  m_Enabled: 1
  m_Avatar: {fileID: 0}
  m_Controller: {fileID: 9100000, guid: afdba833ca7c1204e8477d0799c3b95c, type: 2}
  m_CullingMode: 0
  m_UpdateMode: 0
  m_ApplyRootMotion: 0
  m_LinearVelocityBlending: 0
  m_StabilizeFeet: 0
  m_WarningMessage: 
  m_HasTransformHierarchy: 1
  m_AllowConstantClipSamplingOptimization: 1
  m_KeepAnimatorStateOnDisable: 0
  m_WriteDefaultValuesOnDisable: 0
--- !u!114 &1408595573532581842
MonoBehaviour:
  m_ObjectHideFlags: 0
  m_CorrespondingSourceObject: {fileID: 0}
  m_PrefabInstance: {fileID: 0}
  m_PrefabAsset: {fileID: 0}
  m_GameObject: {fileID: 2602717753123338112}
  m_Enabled: 1
  m_EditorHideFlags: 0
  m_Script: {fileID: 11500000, guid: 98c6b769ce6a508429dd455c2767bdde, type: 3}
  m_Name: 
  m_EditorClassIdentifier: 
  isDestroyWhenHitPlayer: 0
  DestroyFx: {fileID: 0}
  DamageToPlayer: 1
  rateDamage: 0.2
  pushPlayer: {x: 0, y: 10}
  canBeHitByOther: 1
--- !u!1 &7523592610734248345
GameObject:
  m_ObjectHideFlags: 0
  m_CorrespondingSourceObject: {fileID: 0}
  m_PrefabInstance: {fileID: 0}
  m_PrefabAsset: {fileID: 0}
  serializedVersion: 6
  m_Component:
  - component: {fileID: 4176030016128043155}
  - component: {fileID: 4716587959724189302}
  m_Layer: 0
  m_Name: Image
  m_TagString: Untagged
  m_Icon: {fileID: 0}
  m_NavMeshLayer: 0
  m_StaticEditorFlags: 0
  m_IsActive: 1
--- !u!4 &4176030016128043155
Transform:
  m_ObjectHideFlags: 0
  m_CorrespondingSourceObject: {fileID: 0}
  m_PrefabInstance: {fileID: 0}
  m_PrefabAsset: {fileID: 0}
  m_GameObject: {fileID: 7523592610734248345}
  m_LocalRotation: {x: 0, y: 0, z: 0, w: 1}
  m_LocalPosition: {x: 0.21, y: 0.15, z: 0}
  m_LocalScale: {x: 1, y: 1, z: 1}
  m_ConstrainProportionsScale: 0
  m_Children: []
  m_Father: {fileID: 5930006074307720521}
  m_RootOrder: 0
  m_LocalEulerAnglesHint: {x: 0, y: 0, z: 0}
--- !u!212 &4716587959724189302
SpriteRenderer:
  m_ObjectHideFlags: 0
  m_CorrespondingSourceObject: {fileID: 0}
  m_PrefabInstance: {fileID: 0}
  m_PrefabAsset: {fileID: 0}
  m_GameObject: {fileID: 7523592610734248345}
  m_Enabled: 1
  m_CastShadows: 0
  m_ReceiveShadows: 0
  m_DynamicOccludee: 1
  m_StaticShadowCaster: 0
  m_MotionVectors: 1
  m_LightProbeUsage: 1
  m_ReflectionProbeUsage: 1
  m_RayTracingMode: 0
  m_RayTraceProcedural: 0
  m_RenderingLayerMask: 1
  m_RendererPriority: 0
  m_Materials:
  - {fileID: 10754, guid: 0000000000000000f000000000000000, type: 0}
  m_StaticBatchInfo:
    firstSubMesh: 0
    subMeshCount: 0
  m_StaticBatchRoot: {fileID: 0}
  m_ProbeAnchor: {fileID: 0}
  m_LightProbeVolumeOverride: {fileID: 0}
  m_ScaleInLightmap: 1
  m_ReceiveGI: 1
  m_PreserveUVs: 0
  m_IgnoreNormalsForChartDetection: 0
  m_ImportantGI: 0
  m_StitchLightmapSeams: 0
  m_SelectedEditorRenderState: 0
  m_MinimumChartSize: 4
  m_AutoUVMaxDistance: 0.5
  m_AutoUVMaxAngle: 89
  m_LightmapParameters: {fileID: 0}
  m_SortingLayerID: 1666280933
  m_SortingLayer: 2
  m_SortingOrder: 0
  m_Sprite: {fileID: -411595494, guid: 8884f0593ddcff6459b447ad50c66e22, type: 3}
  m_Color: {r: 1, g: 1, b: 1, a: 1}
  m_FlipX: 1
  m_FlipY: 0
  m_DrawMode: 0
  m_Size: {x: 1.04, y: 0.88}
  m_AdaptiveModeThreshold: 0.5
  m_SpriteTileMode: 0
  m_WasSpriteAssigned: 1
  m_MaskInteraction: 0
  m_SpriteSortPoint: 0
