%YAML 1.1
%TAG !u! tag:unity3d.com,2011:
--- !u!1 &2139275978294751926
GameObject:
  m_ObjectHideFlags: 0
  m_CorrespondingSourceObject: {fileID: 0}
  m_PrefabInstance: {fileID: 0}
  m_PrefabAsset: {fileID: 0}
  serializedVersion: 6
  m_Component:
  - component: {fileID: 2141756042698043910}
  - component: {fileID: 2081933597090066912}
  - component: {fileID: 2121101586176841790}
  - component: {fileID: 2027576685758349412}
  - component: {fileID: 2030680263788854128}
  - component: {fileID: 2027464339981987668}
  - component: {fileID: 2090421975090314270}
  - component: {fileID: 2026624074087719526}
  m_Layer: 10
  m_Name: Female Archer
  m_TagString: Untagged
  m_Icon: {fileID: 0}
  m_NavMeshLayer: 0
  m_StaticEditorFlags: 0
  m_IsActive: 1
--- !u!4 &2141756042698043910
Transform:
  m_ObjectHideFlags: 0
  m_CorrespondingSourceObject: {fileID: 0}
  m_PrefabInstance: {fileID: 0}
  m_PrefabAsset: {fileID: 0}
  m_GameObject: {fileID: 2139275978294751926}
  m_LocalRotation: {x: 0, y: 0, z: 0, w: 1}
  m_LocalPosition: {x: 18.400253, y: 4.0686703, z: 0}
  m_LocalScale: {x: 0.7, y: 0.7, z: 0.7}
  m_ConstrainProportionsScale: 0
  m_Children:
  - {fileID: 2136670038689148684}
  - {fileID: 2141961795232077114}
  m_Father: {fileID: 0}
  m_RootOrder: 0
  m_LocalEulerAnglesHint: {x: 0, y: 0, z: 0}
--- !u!95 &2081933597090066912
Animator:
  serializedVersion: 5
  m_ObjectHideFlags: 0
  m_CorrespondingSourceObject: {fileID: 0}
  m_PrefabInstance: {fileID: 0}
  m_PrefabAsset: {fileID: 0}
  m_GameObject: {fileID: 2139275978294751926}
  m_Enabled: 1
  m_Avatar: {fileID: 0}
  m_Controller: {fileID: 22100000, guid: ec4003d8db10dc34ea06a439b930b80d, type: 2}
  m_CullingMode: 0
  m_UpdateMode: 0
  m_ApplyRootMotion: 0
  m_LinearVelocityBlending: 0
  m_StabilizeFeet: 0
  m_WarningMessage: 
  m_HasTransformHierarchy: 1
  m_AllowConstantClipSamplingOptimization: 1
  m_KeepAnimatorStateOnDisable: 0
  m_WriteDefaultValuesOnDisable: 0
--- !u!61 &2121101586176841790
BoxCollider2D:
  m_ObjectHideFlags: 0
  m_CorrespondingSourceObject: {fileID: 0}
  m_PrefabInstance: {fileID: 0}
  m_PrefabAsset: {fileID: 0}
  m_GameObject: {fileID: 2139275978294751926}
  m_Enabled: 1
  m_Density: 1
  m_Material: {fileID: 0}
  m_IsTrigger: 0
  m_UsedByEffector: 0
  m_UsedByComposite: 0
  m_Offset: {x: 0, y: 0.119928956}
  m_SpriteTilingProperty:
    border: {x: 0, y: 0, z: 0, w: 0}
    pivot: {x: 0, y: 0}
    oldSize: {x: 0, y: 0}
    newSize: {x: 0, y: 0}
    adaptiveTilingThreshold: 0
    drawMode: 0
    adaptiveTiling: 0
  m_AutoTiling: 0
  serializedVersion: 2
  m_Size: {x: 0.88159907, y: 1.574513}
  m_EdgeRadius: 0
--- !u!114 &2027576685758349412
MonoBehaviour:
  m_ObjectHideFlags: 0
  m_CorrespondingSourceObject: {fileID: 0}
  m_PrefabInstance: {fileID: 0}
  m_PrefabAsset: {fileID: 0}
  m_GameObject: {fileID: 2139275978294751926}
  m_Enabled: 1
  m_EditorHideFlags: 0
  m_Script: {fileID: 11500000, guid: 7ce9489c9799aa24f898217126b045b4, type: 3}
  m_Name: 
  m_EditorClassIdentifier: 
  collisionMask:
    serializedVersion: 2
    m_Bits: 17160
  collisionMaskHorizontal:
    serializedVersion: 2
    m_Bits: 0
  useSperateHorizontal: 0
  collisionMasHorizontal:
    serializedVersion: 2
    m_Bits: 0
  horizontalCollide: 1
  horizontalRayCount: 4
  verticalRayCount: 4
  horizontalRaySpacing: 0
  verticalRaySpacing: 0
  boxcollider: {fileID: 0}
  canJumpUp: 1
  canJumpDown: 1
  forceCollideWithThroughPlatform: 0
  inverseGravity: 0
  playerInput: {x: 0, y: 0}
  HandlePhysic: 1
--- !u!114 &2030680263788854128
MonoBehaviour:
  m_ObjectHideFlags: 0
  m_CorrespondingSourceObject: {fileID: 0}
  m_PrefabInstance: {fileID: 0}
  m_PrefabAsset: {fileID: 0}
  m_GameObject: {fileID: 2139275978294751926}
  m_Enabled: 1
  m_EditorHideFlags: 0
  m_Script: {fileID: 11500000, guid: 5952dbdebf1dc4f30b996bfedd9d4df7, type: 3}
  m_Name: 
  m_EditorClassIdentifier: 
  isAllowChasingPlayer: 0
  canBeFallDown: 0
  chaseSpeed: 3
  offsetPlayerY: 0.5
  finishDistance: 0.5
  dismissPlayerDistance: 15
  gravity: 35
  moveSpeed: 2
  waitingTurn: 3
  sockingTime: 0.5
  BonusItem: {fileID: 1800004685460002, guid: 378ba16c78be341a89be03b4a8cb97d3, type: 3}
  HurtEffect: {fileID: 0}
  DestroyEffect: {fileID: 6338145615417356351, guid: 2e064da420e915d45ae6569a3ed46339,
    type: 3}
  destroyTime: 1.2
  playerLayer:
    serializedVersion: 2
    m_Bits: 2048
  usePatrol: 1
  patrolLimitLeft: 2
  patrolLimitRight: 3
  health: 4
  soundMeleeAttack: {fileID: 0}
  soundRangAttack: {fileID: 8300000, guid: 0e8456043e32f42e3b4104dbaa0c635b, type: 3}
  hurtSound: {fileID: 8300000, guid: 77d422bbc05bd9444b7f3d9514c8fd00, type: 3}
  hurtSoundVolume: 0.5
  deadSound: {fileID: 8300000, guid: 77d422bbc05bd9444b7f3d9514c8fd00, type: 3}
  deadSoundVolume: 0.5
  attackType: 2
  fireRate: 3
  detectDistance: 7
  meleePoint: {fileID: 0}
  meleeAttackZone: 0.7
  meleeAttackCheckPlayer: 0.1
  meleeDamage: 20
  rangePoint: {fileID: 2141961795232077114}
  rangeprojectile: {fileID: 114854770504578908, guid: a08f417e6ee9348ada8c58445ae1926d,
    type: 3}
  fireDelay: 0.1
  allowThrowGrenade: 0
  angleThrow: 60
  throwForce: 300
  throwPosition: {fileID: 0}
  _Grenade: {fileID: 0}
  velocity: {x: 0, y: 0, z: 0}
  controller: {fileID: 0}
  ignorePlayerThroughEnemy: 0
  makeDamage: 20
  rateDamage: 0.2
  pushPlayer: {x: 15, y: 10}
  canBeKillOnHead: 1
  dealDamageToPlayer: 1
--- !u!114 &2027464339981987668
MonoBehaviour:
  m_ObjectHideFlags: 0
  m_CorrespondingSourceObject: {fileID: 0}
  m_PrefabInstance: {fileID: 0}
  m_PrefabAsset: {fileID: 0}
  m_GameObject: {fileID: 2139275978294751926}
  m_Enabled: 1
  m_EditorHideFlags: 0
  m_Script: {fileID: 11500000, guid: 39fefa8145dfd4e7a8bb148470169bac, type: 3}
  m_Name: 
  m_EditorClassIdentifier: 
  pushForce: {x: 6, y: 12}
--- !u!50 &2090421975090314270
Rigidbody2D:
  serializedVersion: 4
  m_ObjectHideFlags: 0
  m_CorrespondingSourceObject: {fileID: 0}
  m_PrefabInstance: {fileID: 0}
  m_PrefabAsset: {fileID: 0}
  m_GameObject: {fileID: 2139275978294751926}
  m_BodyType: 1
  m_Simulated: 1
  m_UseFullKinematicContacts: 0
  m_UseAutoMass: 0
  m_Mass: 1
  m_LinearDrag: 0
  m_AngularDrag: 0.05
  m_GravityScale: 1
  m_Material: {fileID: 0}
  m_Interpolate: 0
  m_SleepingMode: 1
  m_CollisionDetection: 0
  m_Constraints: 0
--- !u!114 &2026624074087719526
MonoBehaviour:
  m_ObjectHideFlags: 0
  m_CorrespondingSourceObject: {fileID: 0}
  m_PrefabInstance: {fileID: 0}
  m_PrefabAsset: {fileID: 0}
  m_GameObject: {fileID: 2139275978294751926}
  m_Enabled: 1
  m_EditorHideFlags: 0
  m_Script: {fileID: 11500000, guid: 9d42a36be0d3db740b363704427ac733, type: 3}
  m_Name: 
  m_EditorClassIdentifier: 
--- !u!1 &2139382104525714502
GameObject:
  m_ObjectHideFlags: 0
  m_CorrespondingSourceObject: {fileID: 0}
  m_PrefabInstance: {fileID: 0}
  m_PrefabAsset: {fileID: 0}
  serializedVersion: 6
  m_Component:
  - component: {fileID: 2141961795232077114}
  m_Layer: 10
  m_Name: range Attack Point
  m_TagString: Untagged
  m_Icon: {fileID: -964228994112308473, guid: 0000000000000000d000000000000000, type: 0}
  m_NavMeshLayer: 0
  m_StaticEditorFlags: 0
  m_IsActive: 1
--- !u!4 &2141961795232077114
Transform:
  m_ObjectHideFlags: 0
  m_CorrespondingSourceObject: {fileID: 0}
  m_PrefabInstance: {fileID: 0}
  m_PrefabAsset: {fileID: 0}
  m_GameObject: {fileID: 2139382104525714502}
  m_LocalRotation: {x: 0, y: 0, z: 0, w: 1}
  m_LocalPosition: {x: -0.674, y: 0.058, z: 0}
  m_LocalScale: {x: 1, y: 1, z: 1}
  m_ConstrainProportionsScale: 0
  m_Children: []
  m_Father: {fileID: 2141756042698043910}
  m_RootOrder: 1
  m_LocalEulerAnglesHint: {x: 0, y: 0, z: 0}
--- !u!1 &2139538997604299274
GameObject:
  m_ObjectHideFlags: 0
  m_CorrespondingSourceObject: {fileID: 0}
  m_PrefabInstance: {fileID: 0}
  m_PrefabAsset: {fileID: 0}
  serializedVersion: 6
  m_Component:
  - component: {fileID: 2136670038689148684}
  - component: {fileID: 2253392142730715926}
  m_Layer: 0
  m_Name: image
  m_TagString: Untagged
  m_Icon: {fileID: 0}
  m_NavMeshLayer: 0
  m_StaticEditorFlags: 0
  m_IsActive: 1
--- !u!4 &2136670038689148684
Transform:
  m_ObjectHideFlags: 0
  m_CorrespondingSourceObject: {fileID: 0}
  m_PrefabInstance: {fileID: 0}
  m_PrefabAsset: {fileID: 0}
  m_GameObject: {fileID: 2139538997604299274}
  m_LocalRotation: {x: -0, y: -0, z: -0, w: 1}
  m_LocalPosition: {x: -0.02, y: 0.238, z: 0}
  m_LocalScale: {x: 1, y: 1, z: 1}
  m_ConstrainProportionsScale: 0
  m_Children: []
  m_Father: {fileID: 2141756042698043910}
  m_RootOrder: 0
  m_LocalEulerAnglesHint: {x: 0, y: 0, z: 0}
--- !u!212 &2253392142730715926
SpriteRenderer:
  m_ObjectHideFlags: 0
  m_CorrespondingSourceObject: {fileID: 0}
  m_PrefabInstance: {fileID: 0}
  m_PrefabAsset: {fileID: 0}
  m_GameObject: {fileID: 2139538997604299274}
  m_Enabled: 1
  m_CastShadows: 0
  m_ReceiveShadows: 0
  m_DynamicOccludee: 1
  m_StaticShadowCaster: 0
  m_MotionVectors: 1
  m_LightProbeUsage: 0
  m_ReflectionProbeUsage: 0
  m_RayTracingMode: 0
  m_RayTraceProcedural: 0
  m_RenderingLayerMask: 1
  m_RendererPriority: 0
  m_Materials:
  - {fileID: 10754, guid: 0000000000000000f000000000000000, type: 0}
  m_StaticBatchInfo:
    firstSubMesh: 0
    subMeshCount: 0
  m_StaticBatchRoot: {fileID: 0}
  m_ProbeAnchor: {fileID: 0}
  m_LightProbeVolumeOverride: {fileID: 0}
  m_ScaleInLightmap: 1
  m_ReceiveGI: 1
  m_PreserveUVs: 0
  m_IgnoreNormalsForChartDetection: 0
  m_ImportantGI: 0
  m_StitchLightmapSeams: 1
  m_SelectedEditorRenderState: 0
  m_MinimumChartSize: 4
  m_AutoUVMaxDistance: 0.5
  m_AutoUVMaxAngle: 89
  m_LightmapParameters: {fileID: 0}
  m_SortingLayerID: 1666280933
  m_SortingLayer: 2
  m_SortingOrder: 1
  m_Sprite: {fileID: 1561421662, guid: 9bdd340ff35c93340a938297acce64be, type: 3}
  m_Color: {r: 1, g: 1, b: 1, a: 1}
  m_FlipX: 1
  m_FlipY: 0
  m_DrawMode: 0
  m_Size: {x: 1, y: 1}
  m_AdaptiveModeThreshold: 0.5
  m_SpriteTileMode: 0
  m_WasSpriteAssigned: 1
  m_MaskInteraction: 0
  m_SpriteSortPoint: 0
